@book{ladyman,
	publisher = {Routledge},
	author = {James Ladyman},
	year = {2001},
	title = {Understanding Philosophy of Science}
}